<?xml version="1.0" encoding="UTF-8"?>
<OAI-PMH xmlns="http://www.openarchives.org/OAI/2.0/" xmlns:xsi="http://www.w3.org/2001/XMLSchema-instance" xsi:schemaLocation="http://www.openarchives.org/OAI/2.0/ http://www.openarchives.org/OAI/2.0/OAI-PMH.xsd">
  <ListRecords>
    <record>
      <header>
        <identifier>aleph-publish:018916011</identifier>
      </header>
      <metadata>
        <record xmlns="http://www.ddb.de/professionell/mabxml/mabxml-1.xsd">
          <leader>------M2.01200024------h</leader>
          <controlfield tag="LDR">------M2.01200024------h</controlfield>
          <controlfield tag="FMT">MH</controlfield>
          <datafield tag="001" ind1="-" ind2="1">
            <subfield code="a">HT017015300</subfield>
          </datafield>
          <datafield tag="002" ind1="a" ind2="1">
            <subfield code="a">20111031</subfield>
          </datafield>
          <datafield tag="003" ind1="-" ind2="1">
            <subfield code="a">20200403</subfield>
          </datafield>
          <datafield tag="025" ind1="o" ind2="1">
            <subfield code="a">767576266</subfield>
          </datafield>
          <datafield tag="026" ind1="-" ind2="1">
            <subfield code="a">HBZHT017015300</subfield>
          </datafield>
          <controlfield tag="030">a|1uc||||||17</controlfield>
          <datafield tag="036" ind1="a" ind2="1">
            <subfield code="a">DE</subfield>
          </datafield>
          <datafield tag="037" ind1="b" ind2="1">
            <subfield code="a">ger</subfield>
          </datafield>
          <controlfield tag="050">a|||||||||||||</controlfield>
          <controlfield tag="051">sy||||||</controlfield>
          <datafield tag="070" ind1="-" ind2="1">
            <subfield code="a">468</subfield>
          </datafield>
          <datafield tag="070" ind1="b" ind2="1">
            <subfield code="a">361</subfield>
          </datafield>
          <datafield tag="080" ind1="-" ind2="1">
            <subfield code="a">60</subfield>
          </datafield>
          <datafield tag="100" ind1="-" ind2="1">
            <subfield code="p">Derecik, Ahmet</subfield>
            <subfield code="d">1978-</subfield>
            <subfield code="9">(DE-588)1017737398</subfield>
          </datafield>
          <datafield tag="331" ind1="-" ind2="1">
            <subfield code="a">&lt;&lt;Der&gt;&gt; Schulhof als bewegungsorientierter Sozialraum</subfield>
          </datafield>
          <datafield tag="335" ind1="-" ind2="1">
            <subfield code="a">eine sportpädagogische Untersuchung zum informellen Lernen in Ganztagsschulen</subfield>
          </datafield>
          <datafield tag="359" ind1="-" ind2="1">
            <subfield code="a">vorgelegt von Ahmet Derecik</subfield>
          </datafield>
          <datafield tag="410" ind1="-" ind2="1">
            <subfield code="a">Aachen [u.a.]</subfield>
          </datafield>
          <datafield tag="412" ind1="-" ind2="1">
            <subfield code="a">Meyer &amp; Meyer</subfield>
          </datafield>
          <datafield tag="425" ind1="a" ind2="1">
            <subfield code="a">2011</subfield>
          </datafield>
          <datafield tag="433" ind1="-" ind2="1">
            <subfield code="a">283 S. : Ill., graph. Darst.</subfield>
          </datafield>
          <datafield tag="451" ind1="-" ind2="1">
            <subfield code="a">Sportforum ; 28</subfield>
          </datafield>
          <datafield tag="453" ind1="-" ind2="1">
            <subfield code="a">HT004999851</subfield>
          </datafield>
          <datafield tag="455" ind1="-" ind2="1">
            <subfield code="a">28</subfield>
          </datafield>
          <datafield tag="456" ind1="-" ind2="1">
            <subfield code="a">28</subfield>
          </datafield>
          <datafield tag="519" ind1="-" ind2="1">
            <subfield code="p">Zugl.</subfield>
            <subfield code="a">Marburg, Univ., Diss., 2011</subfield>
          </datafield>
          <datafield tag="540" ind1="a" ind2="1">
            <subfield code="a">978-3-89899-712-6</subfield>
          </datafield>
          <datafield tag="655" ind1="e" ind2="1">
            <subfield code="m">B:DE-101</subfield>
            <subfield code="q">application/pdf</subfield>
            <subfield code="u">http://digitale-objekte.hbz-nrw.de/storage/2012/06/16/file_46/4507767.pdf</subfield>
            <subfield code="3">Inhaltsverzeichnis</subfield>
            <subfield code="A">2</subfield>
          </datafield>
          <datafield tag="673" ind1="c" ind2="1">
            <subfield code="a">Marburg</subfield>
            <subfield code="9">(DE-588)4037446-4</subfield>
          </datafield>
          <datafield tag="776" ind1="-" ind2="1">
            <subfield code="i">Erscheint auch als</subfield>
            <subfield code="n">Online-Ausgabe</subfield>
            <subfield code="z">978-3-8403-3490-0</subfield>
          </datafield>
          <datafield tag="902" ind1="-" ind2="1">
            <subfield code="s">Schulhof</subfield>
            <subfield code="9">(DE-588)4131620-4</subfield>
          </datafield>
          <datafield tag="902" ind1="-" ind2="1">
            <subfield code="s">Sozialraum</subfield>
            <subfield code="9">(DE-588)4116546-9</subfield>
          </datafield>
          <datafield tag="902" ind1="-" ind2="1">
            <subfield code="s">Informelles Lernen</subfield>
            <subfield code="9">(DE-588)4680202-2</subfield>
          </datafield>
          <datafield tag="902" ind1="-" ind2="1">
            <subfield code="s">Ganztagsschule</subfield>
            <subfield code="9">(DE-588)4155947-2</subfield>
          </datafield>
          <datafield tag="902" ind1="-" ind2="1">
            <subfield code="s">Sportpädagogik</subfield>
            <subfield code="9">(DE-588)4130615-6</subfield>
          </datafield>
          <controlfield tag="SYS">018916011</controlfield>
          <datafield tag="LOW" ind1="-" ind2="1">
            <subfield code="a">Q0001</subfield>
          </datafield>
          <datafield tag="952" ind1="-" ind2="1">
            <subfield code="s">Pausenhof</subfield>
          </datafield>
          <datafield tag="952" ind1="-" ind2="1">
            <subfield code="s">Schulhöfe</subfield>
          </datafield>
          <datafield tag="952" ind1="-" ind2="1">
            <subfield code="s">Pausenplatz</subfield>
          </datafield>
          <datafield tag="952" ind1="-" ind2="1">
            <subfield code="s">Sozialer Raum</subfield>
          </datafield>
          <datafield tag="952" ind1="-" ind2="1">
            <subfield code="s">Raum</subfield>
            <subfield code="h">Sozialwissenschaften</subfield>
          </datafield>
          <datafield tag="952" ind1="-" ind2="1">
            <subfield code="s">Sozialräume</subfield>
          </datafield>
          <datafield tag="952" ind1="-" ind2="1">
            <subfield code="s">Informelle Bildung</subfield>
          </datafield>
          <datafield tag="952" ind1="-" ind2="1">
            <subfield code="s">Nichtschulisches Lernen</subfield>
          </datafield>
          <datafield tag="952" ind1="-" ind2="1">
            <subfield code="s">Ganztagesschule</subfield>
          </datafield>
          <datafield tag="952" ind1="-" ind2="1">
            <subfield code="s">Ganztagschule</subfield>
          </datafield>
          <datafield tag="088" ind1=" " ind2=" ">
            <subfield code="a">5</subfield>
            <subfield code="b">00000000</subfield>
            <subfield code="c">P 2012/259</subfield>
            <subfield code="e">ILL Ausleihe</subfield>
          </datafield>
          <datafield tag="088" ind1=" " ind2=" ">
            <subfield code="a">466</subfield>
            <subfield code="c">KRRS1643</subfield>
            <subfield code="e">keine Angabe</subfield>
          </datafield>
          <datafield tag="088" ind1=" " ind2=" ">
            <subfield code="a">468</subfield>
            <subfield code="b">21</subfield>
            <subfield code="c">KRXS1037</subfield>
            <subfield code="e">ausleihbar</subfield>
          </datafield>
          <datafield tag="088" ind1=" " ind2=" ">
            <subfield code="a">386/32</subfield>
            <subfield code="c">SPO 130/138</subfield>
            <subfield code="e">Keine Angabe</subfield>
          </datafield>
          <datafield tag="088" ind1=" " ind2=" ">
            <subfield code="a">Kob 7</subfield>
            <subfield code="b">FRHKO</subfield>
            <subfield code="c">LE/G 2012 7564/2</subfield>
            <subfield code="e">ausleihbar 4 Wochen</subfield>
          </datafield>
          <datafield tag="088" ind1=" " ind2=" ">
            <subfield code="a">Kn 41</subfield>
            <subfield code="b">F</subfield>
            <subfield code="c">2014/1779</subfield>
            <subfield code="e">ausleihbar/F</subfield>
          </datafield>
          <datafield tag="088" ind1=" " ind2=" ">
            <subfield code="a">465</subfield>
            <subfield code="b">E11</subfield>
            <subfield code="c">KRQ3171</subfield>
            <subfield code="e">Ausleihbestand</subfield>
          </datafield>
          <datafield tag="088" ind1=" " ind2=" ">
            <subfield code="a">290</subfield>
            <subfield code="b">F_ZB</subfield>
            <subfield code="c">Yn 2932</subfield>
            <subfield code="e">keine ILL</subfield>
          </datafield>
          <datafield tag="088" ind1=" " ind2=" ">
            <subfield code="a">6/058</subfield>
            <subfield code="c">Sa 51</subfield>
            <subfield code="e">keine Angabe</subfield>
          </datafield>
          <datafield tag="088" ind1=" " ind2=" ">
            <subfield code="a">6</subfield>
            <subfield code="c">013 0416#2</subfield>
            <subfield code="e">keine Angabe</subfield>
          </datafield>
          <datafield tag="088" ind1=" " ind2=" ">
            <subfield code="a">6</subfield>
            <subfield code="c">013 0416</subfield>
            <subfield code="e">keine Angabe</subfield>
          </datafield>
          <datafield tag="088" ind1=" " ind2=" ">
            <subfield code="a">Kob 7</subfield>
            <subfield code="b">FRHKO</subfield>
            <subfield code="c">LE/G 2012 7564/3</subfield>
            <subfield code="e">ausleihbar 4 Wochen</subfield>
          </datafield>
          <datafield tag="088" ind1=" " ind2=" ">
            <subfield code="a">468</subfield>
            <subfield code="b">20</subfield>
            <subfield code="c">KRXS1037+2</subfield>
            <subfield code="e">Präsenzbestand</subfield>
          </datafield>
          <datafield tag="088" ind1=" " ind2=" ">
            <subfield code="a">Kn 41</subfield>
            <subfield code="b">F</subfield>
            <subfield code="c">2012/263</subfield>
            <subfield code="e">ausleihbar/F</subfield>
          </datafield>
          <datafield tag="088" ind1=" " ind2=" ">
            <subfield code="a">Kob 7</subfield>
            <subfield code="b">FRHKO</subfield>
            <subfield code="c">LE/G 2012 7564</subfield>
            <subfield code="e">ausleihbar 4 Wochen</subfield>
          </datafield>
          <datafield tag="088" ind1=" " ind2=" ">
            <subfield code="a">465</subfield>
            <subfield code="b">E11</subfield>
            <subfield code="c">KRQ3171</subfield>
            <subfield code="e">Ausleihbestand</subfield>
          </datafield>
          <datafield tag="088" ind1=" " ind2=" ">
            <subfield code="a">468</subfield>
            <subfield code="b">21</subfield>
            <subfield code="c">KRXS1040</subfield>
            <subfield code="e">ausleihbar</subfield>
          </datafield>
          <datafield tag="700" ind1="h" ind2="9">
            <subfield code="a">2 Soz 550</subfield>
            <subfield code="2">KP001</subfield>
          </datafield>
          <datafield tag="700" ind1="h" ind2="9">
            <subfield code="a">2 Pae 580</subfield>
            <subfield code="2">KP001</subfield>
          </datafield>
          <datafield tag="700" ind1="h" ind2="9">
            <subfield code="a">2 Soz 750</subfield>
            <subfield code="2">KP001</subfield>
          </datafield>
          <datafield tag="700" ind1="h" ind2="9">
            <subfield code="a">2 Soz 630</subfield>
            <subfield code="2">KP001</subfield>
          </datafield>
          <datafield tag="700" ind1="h" ind2="9">
            <subfield code="a">2 Soz 700</subfield>
            <subfield code="2">KP001</subfield>
          </datafield>
          <datafield tag="700" ind1="h" ind2="9">
            <subfield code="a">2 Soz 800</subfield>
            <subfield code="2">KP001</subfield>
          </datafield>
          <datafield tag="700" ind1="h" ind2="9">
            <subfield code="a">2 Pae 410</subfield>
            <subfield code="2">KP001</subfield>
          </datafield>
          <datafield tag="700" ind1="h" ind2="9">
            <subfield code="a">LE 371</subfield>
            <subfield code="2">kob</subfield>
          </datafield>
          <datafield tag="700" ind1="h" ind2="9">
            <subfield code="a">LE 937</subfield>
            <subfield code="2">kob</subfield>
          </datafield>
        </record>
      </metadata>
    </record>
  </ListRecords>
</OAI-PMH>
